<record><leader>00000cas a2200000 a 4500</leader><controlfield tag="001">608048269</controlfield><controlfield tag="008">100420c20019999ctumr ne      0    0eng c</controlfield><datafield ind1=" " ind2=" " tag="010"><subfield code="a">  2010237540</subfield></datafield><datafield ind1=" " ind2=" " tag="040"><subfield code="a">CZL</subfield><subfield code="b">eng</subfield><subfield code="c">CZL</subfield><subfield code="d">CZL</subfield><subfield code="d">OCLCQ</subfield><subfield code="d">CZL</subfield><subfield code="d">OCLCF</subfield></datafield><datafield ind1=" " ind2=" " tag="042"><subfield code="a">pcc</subfield></datafield><datafield ind1=" " ind2=" " tag="043"><subfield code="a">n-us-ct</subfield></datafield><datafield ind1="1" ind2="4" tag="050"><subfield code="a">AN104.C8</subfield><subfield code="b">C57</subfield></datafield><datafield ind1="0" ind2=" " tag="130"><subfield code="a">Chronicle (Rocky Hill, Conn.)</subfield></datafield><datafield ind1="1" ind2="0" tag="245"><subfield code="a">Chronicle.</subfield></datafield><datafield ind1=" " ind2=" " tag="260"><subfield code="a">Rocky Hill, CT :</subfield><subfield code="b">Rare Reminder</subfield></datafield><datafield ind1=" " ind2=" " tag="300"><subfield code="a">v. :</subfield><subfield code="b">ill.</subfield></datafield><datafield ind1=" " ind2=" " tag="310"><subfield code="a">Monthly</subfield></datafield><datafield ind1="1" ind2=" " tag="362"><subfield code="a">Began with: Vol. 1, no. 1 (Mar. 2001).</subfield></datafield><datafield ind1=" " ind2=" " tag="588"><subfield code="a">Description based on: Vol. 1, no. 1 (Mar. 2001).</subfield></datafield><datafield ind1=" " ind2=" " tag="588"><subfield code="a">Latest issue consulted: Vol. 7, no. 5 (May 2008).</subfield></datafield><datafield ind1=" " ind2="0" tag="651"><subfield code="a">Cromwell (Conn.)</subfield><subfield code="v">Newspapers.</subfield></datafield><datafield ind1=" " ind2="7" tag="655"><subfield code="a">Newspapers.</subfield><subfield code="2">fast</subfield><subfield code="0">(OCoLC)fst01423814</subfield></datafield><datafield ind1=" " ind2="7" tag="651"><subfield code="a">Connecticut</subfield><subfield code="z">Cromwell.</subfield><subfield code="2">fast</subfield><subfield code="0">(OCoLC)fst01218998</subfield></datafield><datafield ind1=" " ind2=" " tag="752"><subfield code="a">United States</subfield><subfield code="b">Connecticut</subfield><subfield code="c">Hartford</subfield><subfield code="d">Rocky Hill.</subfield></datafield><datafield ind1="0" ind2="0" tag="780"><subfield code="t">Cromwell chronicle</subfield><subfield code="w">(DLC)  2010237539</subfield><subfield code="w">(OCoLC)608049163</subfield></datafield></record>